<record><leader>00000cas a22000007a 4500</leader><controlfield tag="001">22902271</controlfield><controlfield tag="008">901227d18801957ohuwr ne      0    0eng d</controlfield><datafield ind1=" " ind2=" " tag="010"><subfield code="a">sn 90068613 </subfield></datafield><datafield ind1=" " ind2=" " tag="040"><subfield code="a">ONP</subfield><subfield code="b">eng</subfield><subfield code="c">ONP</subfield><subfield code="d">OCLCQ</subfield></datafield><datafield ind1=" " ind2=" " tag="042"><subfield code="a">msc</subfield></datafield><datafield ind1="0" ind2=" " tag="130"><subfield code="a">Erie County reporter (Huron, Ohio : 1880)</subfield></datafield><datafield ind1="1" ind2="0" tag="245"><subfield code="a">Erie County reporter.</subfield></datafield><datafield ind1="3" ind2="0" tag="246"><subfield code="a">Reporter</subfield></datafield><datafield ind1=" " ind2=" " tag="260"><subfield code="a">[Huron, Ohio] :</subfield><subfield code="b">T.M. Klock,</subfield><subfield code="c">1880-1957.</subfield></datafield><datafield ind1=" " ind2=" " tag="300"><subfield code="a">v.</subfield></datafield><datafield ind1=" " ind2=" " tag="310"><subfield code="a">Weekly</subfield></datafield><datafield ind1="0" ind2=" " tag="362"><subfield code="a">Vol. 2, no. 3 (Apr. 8, 1880)-v. 78, no. 15 (July 26, 1957).</subfield></datafield><datafield ind1=" " ind2=" " tag="500"><subfield code="a">Published as: The Reporter Mar. 25, 1897.</subfield></datafield><datafield ind1=" " ind2=" " tag="752"><subfield code="a">United States</subfield><subfield code="b">Ohio</subfield><subfield code="c">Erie</subfield><subfield code="d">Huron.</subfield></datafield><datafield ind1="0" ind2="0" tag="780"><subfield code="t">Weekly newspaper (Huron, Ohio)</subfield><subfield code="w">(DLC)sn 90068939</subfield></datafield><datafield ind1="0" ind2="7" tag="785"><subfield code="t">Berlin call</subfield><subfield code="w">(DLC)sn 84028067</subfield></datafield><datafield ind1="0" ind2="7" tag="785"><subfield code="t">Erie County reporter and Berlin call consolidated</subfield><subfield code="w">(DLC)sn 89075083</subfield></datafield></record>